<?xml version="1.0" encoding="UTF-8"?><collection xmlns="http://www.loc.gov/MARC21/slim"><record><leader>00382nam--2200133-i-4500</leader><controlfield tag="001">000029671</controlfield><controlfield tag="002">20161230</controlfield><controlfield tag="005">20161230201037</controlfield><controlfield tag="008">060222s1000------------r-----000-0-eng-d</controlfield><datafield ind1=" " ind2=" " tag="245"><subfield code="a">Lecture notes in mathematics. vol.507:abstract non linear. wave equations</subfield></datafield><datafield ind1=" " ind2=" " tag="260"><subfield code="a">Berlin, Springer-verlag, 1976</subfield></datafield><datafield ind1=" " ind2=" " tag="700"><subfield code="a">Reed, Michael</subfield></datafield><datafield ind1=" " ind2=" " tag="852"><subfield code="a">46510</subfield><subfield code="c">517.9</subfield></datafield><datafield ind1=" " ind2=" " tag="CAT"><subfield code="a">Sys</subfield><subfield code="c">20081104</subfield><subfield code="h">101441</subfield></datafield></record></collection>